<record><leader>00000cas a2200000 i 4500</leader><controlfield tag="001">904724649</controlfield><controlfield tag="008">150311d19381941hiuwr n r     0   z0korrc</controlfield><datafield ind1=" " ind2=" " tag="010"><subfield code="a">  2015227850</subfield></datafield><datafield ind1=" " ind2=" " tag="040"><subfield code="a">NDD</subfield><subfield code="b">eng</subfield><subfield code="e">rda</subfield><subfield code="c">NDD</subfield><subfield code="d">NDD</subfield><subfield code="d">OCLCF</subfield></datafield><datafield ind1=" " ind2=" " tag="066"><subfield code="c">$1</subfield></datafield><datafield ind1=" " ind2=" " tag="042"><subfield code="a">pcc</subfield></datafield><datafield ind1=" " ind2=" " tag="043"><subfield code="a">n-us-hi</subfield><subfield code="a">a-kr---</subfield></datafield><datafield ind1=" " ind2="4" tag="050"><subfield code="a">DU624.7.K67</subfield><subfield code="b">T342</subfield></datafield><datafield ind1="0" ind2="0" tag="245"><subfield code="6">880-01</subfield><subfield code="a">T'aep'yo&#774;ngyang chubo</subfield></datafield><datafield ind1="3" ind2="0" tag="246"><subfield code="6">880-02</subfield><subfield code="a">T'aep'yo&#774;ngyang chubo</subfield></datafield><datafield ind1="1" ind2="1" tag="246"><subfield code="a">Korean Pacific weekly</subfield></datafield><datafield ind1=" " ind2="1" tag="264"><subfield code="6">880-03</subfield><subfield code="a">So&#774;ul :</subfield><subfield code="b">Wo&#774;nju Munhwasa,</subfield><subfield code="c">1993.</subfield></datafield><datafield ind1=" " ind2=" " tag="300"><subfield code="a">8 volumes of reprint edition :</subfield><subfield code="b">illustrations ;</subfield><subfield code="c">27 cm</subfield></datafield><datafield ind1=" " ind2=" " tag="310"><subfield code="a">Weekly</subfield></datafield><datafield ind1=" " ind2=" " tag="336"><subfield code="a">text</subfield><subfield code="2">rdacontent</subfield></datafield><datafield ind1=" " ind2=" " tag="337"><subfield code="a">unmediated</subfield><subfield code="2">rdamedia</subfield></datafield><datafield ind1=" " ind2=" " tag="338"><subfield code="a">volume</subfield><subfield code="2">rdacarrier</subfield></datafield><datafield ind1="1" ind2=" " tag="362"><subfield code="a">Series 25: vol. 9 no. 278 (Jan. 15 1938)-Series 28: vol. 12 no. 504 (Dec. 6, 1941)=1-8.</subfield></datafield><datafield ind1=" " ind2=" " tag="580"><subfield code="a">Reprint of issues, Series 25: vol. 9 no. 278 (Jan. 15 1938)-Series 28: vol. 12 no. 504 (Dec. 6, 1941). Originally published weekly : Honolulu : Dongji Hoi.</subfield></datafield><datafield ind1="0" ind2=" " tag="588"><subfield code="a">Description based on reprint edition:  Series 25: vol. 9 no. 278 (Jan. 15 1938); title from facscimile title page.</subfield></datafield><datafield ind1="1" ind2=" " tag="588"><subfield code="a">Latest issue consulted from reprint edtion: Series 28: vol. 12 no. 504 (Dec. 6, 1941).</subfield></datafield><datafield ind1=" " ind2=" " tag="515"><subfield code="a">Some original issue numbers repeat.</subfield></datafield><datafield ind1=" " ind2=" " tag="500"><subfield code="a">Some reprint issue have pages that are not legible.</subfield></datafield><datafield ind1=" " ind2="0" tag="650"><subfield code="a">Koreans</subfield><subfield code="z">Hawaii</subfield><subfield code="v">Newspapers.</subfield></datafield><datafield ind1=" " ind2="0" tag="650"><subfield code="a">Korean Americans</subfield><subfield code="z">Hawaii</subfield><subfield code="v">Newspapers.</subfield></datafield><datafield ind1=" " ind2="7" tag="655"><subfield code="a">Newspapers.</subfield><subfield code="2">fast</subfield><subfield code="0">(OCoLC)fst01423814</subfield></datafield><datafield ind1=" " ind2="7" tag="650"><subfield code="a">Korean Americans.</subfield><subfield code="2">fast</subfield><subfield code="0">(OCoLC)fst00988587</subfield></datafield><datafield ind1=" " ind2="7" tag="650"><subfield code="a">Koreans.</subfield><subfield code="2">fast</subfield><subfield code="0">(OCoLC)fst00988927</subfield></datafield><datafield ind1=" " ind2="7" tag="651"><subfield code="a">Hawaii.</subfield><subfield code="2">fast</subfield><subfield code="0">(OCoLC)fst01208724</subfield></datafield><datafield ind1="2" ind2=" " tag="710"><subfield code="a">Dongji Hoi (Honolulu, Hawaii)</subfield></datafield><datafield ind1=" " ind2=" " tag="752"><subfield code="a">United States</subfield><subfield code="b">Hawaii</subfield><subfield code="c">Honolulu</subfield><subfield code="d">Honolulu.</subfield></datafield><datafield ind1="0" ind2="8" tag="776"><subfield code="i">Reprint of:</subfield><subfield code="t">T'aep'yo&#774;ngyang chubo</subfield><subfield code="d">Honolulu, T. H. : Dongji Hoi</subfield><subfield code="m">vol. 9 no. 278 (Jan. 15 1938)-vol. 12 no. 504 (Dec. 6, 1941).</subfield><subfield code="n">Weekly</subfield><subfield code="w">(OCoLC)6320291</subfield></datafield><datafield ind1="0" ind2="0" tag="880"><subfield code="6">245-01/$1</subfield><subfield code="a">&#22826;&#24179;&#27915; &#36913;&#22577;</subfield></datafield><datafield ind1="3" ind2="0" tag="880"><subfield code="6">246-02/$1</subfield><subfield code="a">&#53468;&#54217;&#50577; &#51452;&#48372;</subfield></datafield><datafield ind1=" " ind2="1" tag="880"><subfield code="6">264-03/$1</subfield><subfield code="a">&#49436;&#50872; :</subfield><subfield code="b">&#21407;&#20027; &#25991;&#21270;&#31038;,</subfield><subfield code="c">1993.</subfield></datafield></record>